<?xml version="1.0" encoding="UTF-8"?><record xmlns="http://www.loc.gov/MARC21/slim" xmlns:cinclude="http://apache.org/cocoon/include/1.0" xmlns:zs="http://www.loc.gov/zing/srw/">
  <leader>00486nz  a2200133n  4500</leader>
  <controlfield tag="001">n 2010182105</controlfield>
  <controlfield tag="003">DLC</controlfield>
  <controlfield tag="005">20100525075038.0</controlfield>
  <controlfield tag="008">100524n| acannaabn          |n aaa      </controlfield>
  <datafield tag="010" ind1=" " ind2=" ">
    <subfield code="a">n 2010182105</subfield>
  </datafield>
  <datafield tag="035" ind1=" " ind2=" ">
    <subfield code="a">(DNLM)1473351</subfield>
  </datafield>
  <datafield tag="040" ind1=" " ind2=" ">
    <subfield code="a">DNLM</subfield>
    <subfield code="b">eng</subfield>
    <subfield code="c">DNLM</subfield>
  </datafield>
  <datafield tag="100" ind1="1" ind2=" ">
    <subfield code="a">Jahangiri, Leila</subfield>
  </datafield>
  <datafield tag="670" ind1=" " ind2=" ">
    <subfield code="a">Clinical cases in prosthodontics, 2011:</subfield>
    <subfield code="b">ECIP t.p. (Leila Jahangiri, B.D.S., D.M.D., M.M.Sc., clinical associate professor and chair, Dept. of Prosthodontics, New York Univ., College of Dentistry)</subfield>
  </datafield>
</record>